@misc{cnnic2021,
  author = {{中国互联网络信息中心（CNNIC）}},
  title = {第48次中国互联网络发展状况统计报告},
  year = {2021},
  month = {08},
  note = {[2021-12-23]. Available from: \url{http://www.cnnic.cn/hlwfzyj/hlwxzbg/hlwtjbg/202109/P020210915523670981527.pdf}}
}

@misc{itu2023,
  author       = {{International Telecommunication Union}},
  title        = {Measuring digital development: Facts and Figures 2023},
  year         = {2023},
  howpublished = {\url{https://www.itu.int/en/ITU-D/Statistics/Pages/facts/default.aspx}},
}

@misc{fig-itu2023,
  author = {{International Telecommunication Union}},
  title = {Facts and Figures 2023: Internet Use},
  year = {2023},
  howpublished = {\url{https://www.itu.int/itu-d/reports/statistics/2023/10/10/ff23-internet-use/}},
  note = {访问日期: 2024-02-13}
}

@misc{akamai,
  author = {{Akamai Technologies, Inc}},
  title = {A Year in Review: A Look at 2023’s Cyber Trends and What's to Come},
  year = {2023},
  howpublished = {\url{https://www.akamai.com/resources/state-of-the-internet/2023-year-review}},
}

@article{singh2016,
  author = {{Singh K and Singh P and Kumar K}},
  title = {A systematic review of IP traceback schemes for denial of service attacks},
  journal = {Computers \& Security},
  year = {2016},
  volume = {56},
  pages = {111--139}
}

@article{zhen2022,
  author = {甄龙飞 and 吴振强 and 马克},
  title = {国内互联网真实源地址验证研究进展},
  journal = {计算机系统应用},
  year = {2022},
  volume = {31},
  number = {4},
  pages = {14$\sim$32}
}

@inproceedings{Ioannidis2000DistributedFirewall,
  author = {{Ioannidis, S. and Keromytis, A.D. and Bellovin, S.M. and others}},
  title = {Implementing a distributed firewall},
  booktitle = {{Proceedings of the 7th ACM conference on Computer and communications security}},
  year = {2000},
  pages = {190--199}
}

@techreport{Cohen1983,
  author = {Fred Cohen},
  title = {Computer Viruses - Theory and Experiments},
  institution = {University of Southern California},
  year = {1983},
  month = {8},
  note = {Directed by Leonard Adleman}
}

@article{Hashizume2013AnalysisSecurityCloud,
  title={An analysis of security issues for cloud computing},
  author={Keiko Hashizume and David G Rosado and Eduardo Fernández-Medina and Eduardo B Fernandez},
  journal={Journal of Internet Services and Applications},
  volume={4},
  number={5},
  year={2013},
  publisher={Springer},
  doi={10.1186/1869-0238-4-5},
  url={https://jisajournal.springeropen.com/articles/10.1186/1869-0238-4-5}
}

@inproceedings{Burch2000Tracing,
  author = {Burch, H.},
  title = {Tracing anonymous packets to their approximate source},
  booktitle = {Proceedings of the USENIX Conference on System Administration},
  year = {2000},
  pages = {319--328}
}

@inproceedings{HamediHamzehkolaie2012DOSTraceback,
  author = {Hamedi-Hamzehkolaie, M. and Shamani, M.J. and Ghaznavi-Ghoushchi, M.B.},
  title = {Low rate DOS traceback based on sum of flflows},
  booktitle = {Proceedings of the International Symposium on Telecommunications},
  year = {2012},
  pages = {1142--1146}
}

@inproceedings{ShiYang2005DDoSDefense,
  author = {Shi, Y. and Yang, X.},
  title = {A novel architecture for detecting and defending against flooding-based DDoS attacks},
  booktitle = {Proceedings of the Computational Intelligence and Security},
  publisher = {Springer},
  year = {2005},
  pages = {364--374}
}

@inproceedings{ThingSlomanDulay2008DDoSDetection,
  author = {Thing, V.L.L. and Sloman, M. and Dulay, N.},
  title = {Network domain entrypoint/path determination for DDoS attacks},
  booktitle = {Proceedings of the IEEE Symposium on Network Operations and Management},
  year = {2008},
  pages = {57--64}
}

@misc{Taylor2014ICMP,
  author = {Taylor, T. and Leech, M. and Bellovin, S.},
  title = {ICMP traceback messages},
  year = {2014},
  howpublished = {\url{https://tools.ietf.org/html/draft-ietf-itrace-04}},
  note = {Accessed: 2015-01-01}
}

@inproceedings{Hsu2003TrafficSourceIdentification,
  author = {Hsu, F. and Chiueh, T.A.},
  title = {Path information caching and aggregation approach to traffic source identification},
  booktitle = {Proceedings of the International Conference on Distributed Computing Systems},
  year = {2003},
  pages = {332--339}
}

@inproceedings{WangSchulzrinne2004DoS,
  author = {Wang, B-T. and Schulzrinne, H.},
  title = {A denial-of-service-resistant IP traceback approach},
  booktitle = {Proceedings of the Ninth International Symposium on Computers and Communications},
  year = {2004},
  pages = {351--356}
}

@inproceedings{WangSchulzrinne2004ReflectiveDoS,
  author = {Wang, B-T. and Schulzrinne, H.},
  title = {An IP traceback mechanism for reflective DoS attacks},
  booktitle = {Proceedings of the Canadian Conference on Electrical and Computer Engineering},
  year = {2004},
  pages = {901--904}
}

@inproceedings{Alenezi2011,
  author          = {Alenezi M, Reed MJ.},
  booktitle       = {Proceedings of the Computer Science and Electronic Engineering Conference},
  title           = { IP traceback methodologies},
  year            = {2011},
  pages           = {98--102},
}

@inproceedings{Amin2006,
  author    = {S. O. Amin and C. S. Hong and K. Y. Kim},
  title     = {Tracing the true source of an IPv6 datagram using policy based management system},
  booktitle = {Proceedings of the Management of Convergence Networks and Services},
  publisher = {Springer},
  year      = {2006},
  pages     = {263--272},
}

@inproceedings{Min2003,
  author    = {F. Min and J. Zhang and G. Yang},
  title     = {An IP traceback scheme integrating DPM and PPM},
  booktitle = {Proceedings of the International Conference on Applied Cryptography and Network Security},
  year      = {2003},
  pages     = {76--85},
}

@inproceedings{Jin2009,
  author    = {G. Jin and F. Zhang and Y. Li and H. Zhang and J. A. Qian},
  title     = {Hash-based Path Identification Scheme for DDoS Attacks Defense},
  booktitle = {Proceedings of the IEEE International Conference on Computer and Information Technology},
  year      = {2009},
  pages     = {219--224},
}

@inproceedings{Liu2006,
  author    = {Y. Liu and X. Gu and Y. Sun},
  title     = {A Non-preemptive Packet Marking Scheme},
  booktitle = {Proceedings of the IEEE Conference on Industrial Electronics and Applications},
  year      = {2006},
  pages     = {1--6},
}


@article{Snoeren2001,
  author    = {A. C. Snoeren and C. Partridge and L. A. Sanchez and C. E. Jones and F. Tchakountio and S. T. Kent and others},
  title     = {Hash-based IP traceback},
  journal   = {ACM SIGCOMM Computer Communication Review},
  year      = {2001},
  volume    = {31},
  number    = {4},
  pages     = {3--14},
}

@inproceedings{Kai2009,
  author    = {T. Kai and A. Hashiguchi and H. Nakatani},
  title     = {Proposal for and evaluation of improved method of hash-based IP traceback system},
  booktitle = {Proceedings of the International Conference on Computer Science and its Applications},
  year      = {2009},
  pages     = {1--7},
}

@article{Hilgenstieler2010,
  author    = {E. Hilgenstieler and E. P. Duarte Jr. and G. Mansfifield-Keeni and N. Shiratori},
  title     = {Extensions to the source path isolation engine for precise and efficient log-based IP traceback},
  journal   = {Computers \& Security},
  year      = {2010},
  volume    = {29},
  number    = {4},
  pages     = {383--392},
}

@inproceedings{stone2000centertrack,
  title={Centertrack: An IP overlay network for tracking DoS floods},
  author={Stone, Rob},
  booktitle={Proceedings of the USENIX Conference on Security Symposium},
  year={2000},
  pages={15}
}

@article{castelucio2009aslevel,
  title={An AS-level overlay network for IP traceback},
  author={Castelucio, Andr{\'e} and Ziviani, Artur and Salles, Raquel Mini},
  journal={IEEE Network},
  volume={23},
  number={1},
  pages={36--41},
  year={2009},
  publisher={IEEE},
  note={Special issue title on recent developments in network intrusion detection}
}

@inproceedings{tian2011easytrace,
  title={EasyTrace: An easily-deployable light-weight IP traceback on an AS-level overlay network},
  author={Tian, Hui and Bi, Jun and Zhang, Wei and Jiang, Xingang},
  booktitle={Proceedings of the International Conference on Network Protocols},
  year={2011},
  pages={129--130}
}

@inproceedings{xiaofeng2004mechanism,
  title={A mechanism to defend SYN flooding attack based on network measurement system},
  author={Xiaofeng, Q and Jihong, H and Ming, C},
  booktitle={Proceedings of the International Conference on Information Technology: Research and Education},
  year={2004},
  pages={208--212}
}

@inproceedings{chen2006tracing,
  title={Tracing denial of service origin: ant colony approach},
  author={Chen, C and Jeng, B and Yang, CR and Lai, GH},
  booktitle={Proceedings of the Applications of Evolutionary Computing},
  year={2006},
  volume={2006},
  pages={286--295}
}

@article{lai2008antbased,
  title={Ant-based IP traceback},
  author={Lai, GH and Chen, C-M and Jeng, B-C and Chao, W},
  journal={Expert Systems with Applications},
  volume={34},
  number={4},
  pages={3071--3080},
  year={2008},
  publisher={Elsevier}
}

@article{cover1967nearest,
  title={Nearest neighbor pattern classification},
  author={Cover, Thomas M and Hart, Peter E},
  journal={IEEE transactions on information theory},
  volume={13},
  number={1},
  pages={21--27},
  year={1967},
  publisher={IEEE}
}


@article{Quinlan1986,
  title={Induction of decision trees},
  author={Quinlan, J. R.},
  journal={Machine learning},
  volume={1},
  number={1},
  pages={81--106},
  year={1986}
}

@article{Cortes1995,
  title={Support-Vector Networks},
  author={Cortes, Corinna and Vapnik, Vladimir},
  journal={Machine Learning},
  volume={20},
  number={3},
  pages={273--297},
  year={1995}
}

@article{Breiman2001,
  title={Random Forests},
  author={Breiman, Leo},
  journal={Machine Learning},
  volume={45},
  number={1},
  pages={5--32},
  year={2001}
}

@inproceedings{Mukkamala2002,
  title={Intrusion detection using neural networks and support vector machines},
  author={Mukkamala, S. and Janoski, G. and Sung, A.},
  booktitle={Proceedings of the International Joint Conference on Neural Networks},
  year={2002}
}


@article{lee1998dataMining,
  title={Data Mining Approaches for Intrusion Detection},
  author={Lee, Wenke and Stolfo, Salvatore J},
  journal={USENIX Security Symposium},
  year={1998},
  note={Available: https://www.usenix.org/conference/1998-usenix-security-symposium/data-mining-approaches-intrusion-detection}
}

@inproceedings{kumar1994adep,
  title={An Application of Pattern Matching in Intrusion Detection},
  author={Kumar, Sandeep and Spafford, Eugene H},
  booktitle={Technical Report CSD-TR-94-013, Purdue University},
  year={1994},
  note={Available: https://docs.lib.purdue.edu/cstech/1219/}
}

@article{forrest1996selfImmune,
  title={A Sense of Self for Unix Processes},
  author={Forrest, Stephanie and Hofmeyr, Steven A and Somayaji, Anil and Longstaff, Thomas A},
  journal={IEEE Symposium on Security and Privacy},
  year={1996},
  pages={120--128},
  doi={10.1109/SECPRI.1996.502675}
}

@inproceedings{anderson1995userBehavior,
  title={A Model of User Behavior for Intrusion Detection},
  author={Anderson, James P and others},
  booktitle={Proceedings of the 4th Annual Conference on Computer Security},
  year={1995},
  pages={305--316},
  note={Available: https://example.com/full_paper_link},
  organization={Name of the Organization or University if applicable}
}
@inproceedings{portnoy2001clustering,
  title={Intrusion Detection with Unlabeled Data Using Clustering},
  author={Portnoy, Leonid and Eskin, Eleazar and Stolfo, Salvatore},
  booktitle={ACM CSS Workshop on Data Mining Applied to Security (DMSA-2001)},
  year={2001},
  note={Available: https://dl.acm.org/doi/abs/10.1145/508171.508173}
}

@inproceedings{eskin2002anomaly,
  title={A Geometric Framework for Unsupervised Anomaly Detection: Detecting Intrusions in Unlabeled Data},
  author={Eskin, Eleazar and Arnold, Andrew and Prerau, Michael and Portnoy, Leonid and Stolfo, Salvatore},
  booktitle={Applications of Data Mining in Computer Security},
  editor={Barbara, Daniel and Jajodia, Sushil},
  year={2002},
  publisher={Kluwer Academic Publishers},
  address={Boston, MA},
  pages={77--101},
  note={Available: https://link.springer.com/chapter/10.1007/978-1-4615-0925-9_4}
}

@article{schubert2014local,
  title={Local Outlier Detection Reconsidered: a Generalized View on Locality with Applications to Spatial, Video, and Network Outlier Detection},
  author={Schubert, Erich and Zimek, Arthur and Kriegel, Hans-Peter},
  journal={Data Mining and Knowledge Discovery},
  volume={28},
  number={1},
  pages={190--237},
  year={2014},
  publisher={Springer},
  doi={10.1007/s10618-012-0300-z}
}


@article{goodfellow2014generative,
  title={Generative adversarial nets},
  author={Goodfellow, Ian J and Pouget-Abadie, Jean and Mirza, Mehdi and Xu, Bing and Warde-Farley, David and Ozair, Sherjil and Courville, Aaron and Bengio, Yoshua},
  journal={Advances in neural information processing systems},
  volume={27},
  year={2014}
}

@article{an2015variational,
  title={Variational autoencoder based anomaly detection using reconstruction probability},
  author={An, Jinwon and Cho, Sungzoon},
  journal={Special Lecture on IE},
  volume={2},
  number={1},
  pages={1--18},
  year={2015}
}

@inproceedings{saxe2015deep,
  title={Deep neural network based malware detection using two dimensional binary program features},
  author={Saxe, Joshua and Berlin, Konstantin},
  booktitle={10th International Conference on Malicious and Unwanted Software (MALWARE)},
  pages={11--20},
  year={2015},
  organization={IEEE}
}

@article{staudemeyer2019applying,
  title={Applying long short-term memory recurrent neural networks to intrusion detection},
  author={Staudemeyer, R C and Morris, Eric R},
  journal={South African Computer Journal},
  volume={31},
  number={1},
  year={2019},
  publisher={South African Institute for Computer Scientists and Information Technologists}
}

@inproceedings{li2018mad,
  title={MAD-GAN: Multivariate Anomaly Detection for Time Series Data with Generative Adversarial Networks},
  author={Li, Dan and Chen, Dacheng and Jin, Baihong and Shi, Lei and Goh, Jonathan and Ng, See-Kiong},
  booktitle={International Conference on Artificial Neural Networks},
  pages={703--716},
  year={2018},
  organization={Springer}
}

@article{feng2019deep,
  title={Deep learning-based intrusion detection for IoT networks},
  author={Feng, Cheng and Liu, Ting and Liu, Zhaoyang and Luan, Tom H and Katsaros, Konstantinos V},
  journal={IEEE Network},
  volume={33},
  number={5},
  pages={96--103},
  year={2019},
  publisher={IEEE}
}


@INPROCEEDINGS{Bi2010,
  author = {J. Bi and P. Hu and P. Li},
  title = {Study on Classification and Characteristics of Source Address Spoofing Attacks in the Internet},
  booktitle = {2010 Ninth International Conference on Networks},
  year = {2010},
  pages = {226-230},
  doi = {10.1109/ICN.2010.43},
}

@misc{Rekhter1996,
  author = {Y. Rekhter and B. Moskowitz and D. Karrenberg and et al.},
  title = {Address Allocation for Private Internets},
  year = {1996},
  month = {Feb},
  howpublished = {\url{http://www.ietf.org/rfc/rfc1918.txt?number=1918}},
}

@misc{BogonList2003,
  title = {Bogon list sources},
  year = {2003},
  month = {Oct},
  day = {18},
  howpublished = {\url{http://www.completewhois.com/bogons/}},
}

@misc{Gibson2002,
  author = {S. Gibson},
  title = {Distributed reflection denial of service: description and analysis of a potent, increasing prevalent, and worrisome internet attack},
  year = {2002},
  month = {Feb},
  howpublished = {\url{http://grc.com/dos/drdos.htm}},
}

@misc{Dittrich1999,
  author = {D. Dittrich},
  title = {The "Tribe Flood Network" distributed denial of service attack tool},
  year = {1999},
  month = {Oct},
  howpublished = {\url{http://staff.washington.edu/dittrich/misc/tfn.analysis.txt}},
}

@misc{CERT1997,
  title = {CERT Advisory CA-1997-28 IP Denial-of-Service Attacks},
  year = {1997},
  howpublished = {\url{http://www.cert.org/advisories/CA-1997-28.html}},
}

@misc{Ali2007,
  author = {F. Ali},
  title = {IP Spoofing},
  year = {2007},
  month = {Dec},
  howpublished = {\url{http://www.cisco.com/web/about/ac123/ac147/archived_issues/ipj_10-4/104_ip-spoofing.html}},
}

@misc{Barlow2000,
  author = {J. Barlow and W. Thrower},
  title = {TFN2K-An Analysis},
  year = {2000},
  month = {Mar},
  day = {7},
  howpublished = {\url{http://www.packetstormsecurity.org/distributed/TFN2k_Analysis-1.3.txt}},
}

@misc{Ray1981,
  author = {M. D. Ray},
  title = {Transmission Control Protocol DARPA Internet Program Protocol Specification},
  year = {1981},
  howpublished = {\url{http://www.ietf.org/rfc/rfc793.txt?number=793}},
}

@misc{CiscoIOS2005,
  title = {Cisco IOS: Unicast reverse path forwarding},
  year = {2005},
  howpublished = {\url{http://www.cisco.com/en/US/docs/ios/12_2t/12_2t13/feature/guide/ft_urpf.html#wp1048141}},
}

@article{Huang2006,
  author = {D. Huang and Q. Cao and A. Sinha and et al.},
  title = {New Architecture For Intra Domain Network Security Issues},
  journal = {Communications of the ACM},
  year = {2006},
  month = {Nov},
  pages = {64-72},
}

@misc{ManInTheMiddle2007,
  title = {Definition of man-in-the-middle},
  year = {2007},
  month = {Jun},
  day = {5},
  howpublished = {\url{http://searchsecurity.techtarget.com/sDefinition/0,,sid14_gci499492,00.html}},
}

@inproceedings{savage2000practical,
  title={Practical network support for IP traceback},
  author={Savage, Stefan and Wetherall, David and Karlin, Anna and Anderson, Tom and others},
  booktitle={Proceedings of the conference on Applications, Technologies, Architectures, and Protocols for Computer Communication},
  pages={295--306},
  year={2000}
}

@article{zhou2006matlab,
  title={Matlab 遗传算法优化工具箱 (GAOT) 的研究与应用},
  author={周正武 and 丁同梅 and 田毅红 and 等},
  journal={机械研究与应用},
  volume={19},
  number={6},
  pages={69--71},
  year={2006}
}

@article{lecun1998gradient,
  title={Gradient-based learning applied to document recognition},
  author={LeCun, Yann and Bottou, L{\'e}on and Bengio, Yoshua and Haffner, Patrick},
  journal={Proceedings of the IEEE},
  volume={86},
  number={11},
  pages={2278--2324},
  year={1998},
  publisher={Ieee}
}

@inproceedings{he2016deep,
  title={Deep residual learning for image recognition},
  author={He, Kaiming and Zhang, Xiangyu and Ren, Shaoqing and Sun, Jian},
  booktitle={Proceedings of the IEEE conference on computer vision and pattern recognition},
  pages={770--778},
  year={2016}
}

@article{lecun2015deep,
  title={Deep learning},
  author={LeCun, Yann and Bengio, Yoshua and Hinton, Geoffrey},
  journal={nature},
  volume={521},
  number={7553},
  pages={436--444},
  year={2015},
  publisher={Nature Publishing Group UK London}
}

@article{memory2010long,
  title={Long short-term memory},
  author={Memory, Long Short-Term},
  journal={Neural computation},
  volume={9},
  number={8},
  pages={1735--1780},
  year={2010}
}

@article{cho2014learning,
  title={Learning phrase representations using RNN encoder-decoder for statistical machine translation},
  author={Cho, Kyunghyun and Van Merri{\"e}nboer, Bart and Gulcehre, Caglar and Bahdanau, Dzmitry and Bougares, Fethi and Schwenk, Holger and Bengio, Yoshua},
  journal={arXiv preprint arXiv:1406.1078},
  year={2014}
}





@misc{zhihu2020rnn,
  title        = {史上最详细循环神经网络讲解（RNN/LSTM/GRU）},
  author       = {韦伟},
  year         = {2020},
  howpublished = {\url{https://zhuanlan.zhihu.com/p/123211148}},
  note         = {访问日期: 2024-02-25}
}


@inproceedings{tavallaee2009detailed,
  title={A detailed analysis of the KDD CUP 99 data set},
  author={Tavallaee, Mahbod and Bagheri, Ebrahim and Lu, Wei and Ghorbani, Ali A},
  booktitle={2009 IEEE symposium on computational intelligence for security and defense applications},
  pages={1--6},
  year={2009},
  organization={Ieee}
}
@article{revathi2013detailed,
  title={A detailed analysis on NSL-KDD dataset using various machine learning techniques for intrusion detection},
  author={Revathi, Sathyanarayanan and Malathi, A},
  journal={International Journal of Engineering Research \& Technology (IJERT)},
  volume={2},
  number={12},
  pages={1848--1853},
  year={2013}
}

@article{moustafa2015comprehensive,
  title={A comprehensive data set for network intrusion detection systems},
  author={Moustafa, R and Slay, J},
  journal={School of Engineering and Information Technology University of New South Wales at the Australian Defense Force Academy Canberra, Australia, UNSW-NB15},
  year={2015}
}

@article{hejunandzhangcaiqing,
  title={面向深度学习的多模态融合技术研究综述},
  author={何俊 and 张彩庆 and 李小珍 and 张德海},
  journal={计算机工程},
  volume={46},
  number={5},
  pages={1--11},
  year={2020}
}

@article{chawla2002smote,
  title={SMOTE: synthetic minority over-sampling technique},
  author={Chawla, Nitesh V. and Bowyer, Kevin W. and Hall, Lawrence O. and Kegelmeyer, W. Philip},
  journal={Journal of artificial intelligence research},
  volume={16},
  pages={321--357},
  year={2002}
}

@article{fernandez2018smote,
  title={SMOTE for learning from imbalanced data: progress and challenges, marking the 15-year anniversary},
  author={Fern{\'a}ndez, Alberto and Garcia, Salvador and Herrera, Francisco and Chawla, Nitesh V},
  journal={Journal of artificial intelligence research},
  volume={61},
  pages={863--905},
  year={2018}
}

@inproceedings{rebuffi2017icarl,
  title={icarl: Incremental classifier and representation learning},
  author={Rebuffi, Sylvestre-Alvise and Kolesnikov, Alexander and Sperl, Georg and Lampert, Christoph H},
  booktitle={Proceedings of the IEEE conference on Computer Vision and Pattern Recognition},
  pages={2001--2010},
  year={2017}
}


@article{liu2007dynamic,
  title={Dynamic probabilistic packet marking for efficient IP traceback},
  author={Liu, Jenshiuh and Lee, Zhi-Jian and Chung, Yeh-Ching},
  journal={Computer Networks},
  volume={51},
  number={3},
  pages={866--882},
  year={2007},
  publisher={Elsevier}
}